<record><leader>00000cas a2200000 a 4500</leader><controlfield tag="001">28438296</controlfield><controlfield tag="008">930712d18851917iluwr ne      0   a0eng c</controlfield><datafield ind1=" " ind2=" " tag="010"><subfield code="a">sn 93055932 </subfield></datafield><datafield ind1=" " ind2=" " tag="040"><subfield code="a">NVF</subfield><subfield code="b">eng</subfield><subfield code="c">NVF</subfield><subfield code="d">OCLCQ</subfield><subfield code="d">CVF</subfield><subfield code="d">NVF</subfield><subfield code="d">OCLCQ</subfield><subfield code="d">OCLCF</subfield><subfield code="d">OCLCO</subfield><subfield code="d">NVF</subfield><subfield code="d">OCLCO</subfield></datafield><datafield ind1="1" ind2=" " tag="029"><subfield code="a">AU@</subfield><subfield code="b">000025850154</subfield></datafield><datafield ind1=" " ind2=" " tag="042"><subfield code="a">pcc</subfield></datafield><datafield ind1=" " ind2=" " tag="043"><subfield code="a">n-us-il</subfield></datafield><datafield ind1="0" ind2="0" tag="245"><subfield code="a">Savanna Carroll County journal.</subfield></datafield><datafield ind1="1" ind2="3" tag="246"><subfield code="a">Carroll County Savanna journal</subfield></datafield><datafield ind1="1" ind2="3" tag="246"><subfield code="a">Savanna journal</subfield></datafield><datafield ind1="1" ind2="3" tag="246"><subfield code="a">Chadwick observer</subfield><subfield code="f">Feb. 6, 1890-June 30, 1892</subfield></datafield><datafield ind1=" " ind2=" " tag="260"><subfield code="a">Savanna, Ill. :</subfield><subfield code="b">S. Greenleaf &amp; Son,</subfield><subfield code="c">1885-1917.</subfield></datafield><datafield ind1=" " ind2=" " tag="300"><subfield code="a">volumes</subfield></datafield><datafield ind1=" " ind2=" " tag="310"><subfield code="a">Weekly</subfield></datafield><datafield ind1="0" ind2=" " tag="362"><subfield code="a">Vol. 1, no. 1 (Oct. 16, 1885)-v. 32, no. 39 (Sept. 26, 1917).</subfield></datafield><datafield ind1=" " ind2=" " tag="500"><subfield code="a">"Carroll County" appears above masthead ornament.</subfield></datafield><datafield ind1=" " ind2=" " tag="580"><subfield code="a">Daily eds.: Savanna daily journal (Savanna, Ill. : Carroll County Teachers' Institute ed.), 1889, and: Savanna daily journal (Savanna, Ill. : 1895), 1895-1917.</subfield></datafield><datafield ind1=" " ind2=" " tag="580"><subfield code="a">Merged with: Times-Republican (Savanna, Ill. : Weekly), to form: Savanna times-journal (Savanna, Ill. : Weekly).</subfield></datafield><datafield ind1=" " ind2="0" tag="651"><subfield code="a">Savanna (Ill.)</subfield><subfield code="v">Newspapers.</subfield></datafield><datafield ind1=" " ind2="0" tag="651"><subfield code="a">Chadwick (Ill.)</subfield><subfield code="v">Newspapers.</subfield></datafield><datafield ind1=" " ind2="0" tag="651"><subfield code="a">Carroll County (Ill.)</subfield><subfield code="v">Newspapers.</subfield></datafield><datafield ind1=" " ind2="7" tag="651"><subfield code="a">Illinois</subfield><subfield code="z">Savanna.</subfield><subfield code="2">fast</subfield><subfield code="0">(OCoLC)fst01226878</subfield></datafield><datafield ind1=" " ind2="7" tag="655"><subfield code="a">Newspapers.</subfield><subfield code="2">fast</subfield><subfield code="0">(OCoLC)fst01423814</subfield></datafield><datafield ind1=" " ind2=" " tag="752"><subfield code="a">United States</subfield><subfield code="b">Illinois</subfield><subfield code="c">Carroll County</subfield><subfield code="d">Savanna.</subfield></datafield><datafield ind1="1" ind2=" " tag="775"><subfield code="t">Savanna daily journal (Savanna, Ill. : Carroll County Teachers' Institute ed.)</subfield><subfield code="w">(DLC)sn 93055933</subfield><subfield code="w">(OCoLC)28438381</subfield></datafield><datafield ind1="1" ind2=" " tag="775"><subfield code="t">Savanna daily journal (Savanna, Ill. : 1895)</subfield><subfield code="w">(DLC)sn 93055934</subfield><subfield code="w">(OCoLC)28438479</subfield></datafield><datafield ind1="1" ind2="7" tag="785"><subfield code="t">Times-Republican (Savanna, Ill. : Weekly)</subfield></datafield><datafield ind1="1" ind2="7" tag="785"><subfield code="t">Savanna times-journal (Savanna, Ill. : Weekly)</subfield><subfield code="w">(DLC)sn 93055935</subfield><subfield code="w">(OCoLC)28438528</subfield></datafield></record>